@misc{ls2,
  title = {{Long Shutdown 2 @ LHC}},
  howpublished = {\url{https://indico.cern.ch/event/315665/session/7/contribution/37/material/paper/1.pdf}},
  note = {Accessed: 2015-01-09}
}

@misc{alice-upgrade,
  title = {{The ALICE Upgrade plans - Article}},
  howpublished = {\url{http://ph-news.web.cern.ch/content/alice-upgrade-plans}},
  author = "Werner Riegler",
  note = {Accessed: 2015-01-12}
}

@misc{cern,
  title = {{CERN - Article}},
  howpublished = {\url{http://home.web.cern.ch/about}},
  note = {Accessed: 2014-11-12}
}
@misc{www,
  title = {{The birth of the web - Article}},
  howpublished = {\url{http://home.web.cern.ch/about}},
  note = {Accessed: 2014-11-12}
}

@misc{lhc,
  title = {{The Large Hadron Collider - Article}},
  howpublished = {\url{http://home.web.cern.ch/topics/large-hadron-collider}},
  note = {Accessed: 2014-11-14}
}
@misc{lhc-pdf,
  title = {{The Large Hadron Collider - Brochure}},
  howpublished = {\url{http://cds.cern.ch/record/1165534/files/CERN-Brochure-2009-003-Eng.pdf}},
  note = {Accessed: 2014-11-16}
}

@misc{alice-home,
  title = {{The ALICE experiment - Homepage}},
  howpublished = {\url{http://aliceinfo.cern.ch/Public/en/Chapter2/Chap2Experiment-en.html}},
  note = {Accessed: 2014-11-17}
}
@misc{alice-about,
  title = {{The ALICE experiment - Article}},
  howpublished = {\url{http://home.web.cern.ch/about/experiments/alice}},
  note = {Accessed: 2014-11-17}
}

@misc{alice-physics,
  title = {{Quark-Gluon plasma - Article}},
  howpublished = {\url{http://home.web.cern.ch/about/physics/heavy-ions-and-quark-gluon-plasma}},
  note = {Accessed: 2014-11-18}
}